<?xml version="1.0" encoding="UTF-8"?><collection xmlns="http://www.loc.gov/MARC21/slim"><record><leader>00515nam--2200169-u-4500</leader><controlfield tag="001">000056621</controlfield><controlfield tag="002">20161230</controlfield><controlfield tag="005">20161230201052</controlfield><controlfield tag="008">160330s1000------------r-----000-0-eng-d</controlfield><datafield ind1=" " ind2=" " tag="040"><subfield code="a">IFIN-HH</subfield></datafield><datafield ind1=" " ind2=" " tag="080"><subfield code="a">539.17(016):539.125.5(016)</subfield></datafield><datafield ind1="1" ind2=" " tag="110"><subfield code="a">Usaec Division Of Technical Information Extension</subfield></datafield><datafield ind1="1" ind2="0" tag="245"><subfield code="a">Cinda 75 vol.1. z&lt;52 an index to the literature on microscopic neutron data</subfield></datafield><datafield ind1=" " ind2=" " tag="260"><subfield code="a">Vienna</subfield><subfield code="b">Iaea</subfield><subfield code="c">1975</subfield></datafield><datafield ind1=" " ind2=" " tag="300"><subfield code="a">XXIII+10P121P.+TABLES</subfield></datafield><datafield ind1=" " ind2=" " tag="852"><subfield code="a">42822</subfield><subfield code="c">53.081</subfield></datafield><datafield ind1=" " ind2=" " tag="CAT"><subfield code="a">Sys</subfield><subfield code="c">20160330</subfield><subfield code="h">150815</subfield></datafield></record></collection>